<?xml version="1.0" encoding="UTF-8"?><collection xmlns="http://www.loc.gov/MARC21/slim"><record><leader>00567nam--2200193-i-4500</leader><controlfield tag="001">000013678</controlfield><controlfield tag="002">20161230</controlfield><controlfield tag="005">20161230201030</controlfield><controlfield tag="008">060222s1000------------r-----000-0-eng-d</controlfield><datafield ind1=" " ind2=" " tag="040"><subfield code="a">IFIN-HH</subfield></datafield><datafield ind1=" " ind2=" " tag="080"><subfield code="a">535.338.42:538.913(061.3)</subfield></datafield><datafield ind1=" " ind2=" " tag="100"><subfield code="a">Bratos, S</subfield></datafield><datafield ind1="1" ind2="0" tag="245"><subfield code="a">Vibrational spectroscopy of molecular liquids and solids</subfield><subfield code="c">S. bratos, r.m. pick (eds.)</subfield></datafield><datafield ind1=" " ind2=" " tag="260"><subfield code="a">New York</subfield><subfield code="b">Plenum Press</subfield><subfield code="c">1980</subfield></datafield><datafield ind1=" " ind2=" " tag="300"><subfield code="a">IX + 464 P</subfield></datafield><datafield ind1=" " ind2=" " tag="490"><subfield code="a">Nato Advanced Study Institutes Series, 56</subfield></datafield><datafield ind1="1" ind2=" " tag="700"><subfield code="a">Pick, R.M</subfield><subfield code="e">Ed</subfield></datafield><datafield ind1=" " ind2=" " tag="852"><subfield code="a">42270</subfield><subfield code="c">53</subfield></datafield><datafield ind1=" " ind2=" " tag="CAT"><subfield code="a">Sys</subfield><subfield code="c">20150319</subfield><subfield code="h">154021</subfield></datafield></record></collection>